@manual{galucioetal2018,
	Author = {Ana Vilacy GALUCIO and Denny MOORE and Hein van der VOORT},
	Title = {O  patrimônio  linguístico do  Brasil:  novas  perspectivas  e
	abordagens  no  planejamento  e  gestão  de  uma  política  da diversidade  linguística.},
	Year = {2018},
	Booktitle = {Revista  patrimônio  histórico  e  artístico  nacional,  IPHAN},
	Pages = {195-218},
	Volume = {38},
}

@manual{seki1999,
	Author = {Lucy SEKI},
	Title = {A linguística indígena no Brasil},
	Year = {1999},
	Booktitle = {DELTA},
	Pages = {257-290},
	Volume = {15},
}

@manual{seki2000,
	Author = {Lucy SEKI},
	Title = {Línguas indígenas do Brasil no limiar do século XXI},
	Year = {2000},
	Booktitle = {DELTA},
	Pages = {233-256},
	Volume = {12},
}

@manual{dangelis2014,
	Author = {Wilmar R. D'ANGELIS},
	Title = {Línguas indígenas no Brasil: urgência de ações para que sobrevivam},
	Year = {2014},
	Booktitle = {Revitalização de língua indígena e educação escolar indígena inclusiva. Anari B. Bomfim & Francisco V. F. da Costa (orgs.)},
	Pages = {93-117},
}

@article{gtbrasil2021,
	Author = {GT do Brasil},
	Title = {PLANO DE AÇÃO PARA A DÉCADA INTERNACIONAL DAS LÍNGUAS INDÍGENAS NO BRASIL},
	Year = {2021},
	Url = {https://drive.google.com/file/d/1YKkBsRAo4TeocoqOpkBkS6nXhq2stpTx/view}
}

@manual{ibge,
	Author = {IBGE},
	Title = {Censo demográfico},
	Year = {2010},
}

@inproceedings{sparrow1980,
	Author = {E. M. Sparrow},
	Title = {Forced Convection Heat Transfer in a Duct Having Spanwise-Periodic
	Rectangular Protuberances},
	Year = {1980},
	Pages = {149-167},
	Volume = {3},
	Booktitle = {Numerical Heat Transfer},
}

@article{clark1986,
	Author = {J. A. Clark},
	Title = {Private Communication},
	Year = {1986},
	Address = {University of Michigan},
}

@article{coimbra1978,
	Author = {A. L. Coimbra},
	Title = {Lessons of Continuum Mechanics},
	Year = {1978},
	Address = {São Paulo, Brazil},
	Pages = {428},
	Editor = {Edgard Blücher},
}

@inproceedings{bordalo1989,
	Author = {S. N. Bordalo and J. H. Ferziger and S. J. Kline},
	Title = {The Development of Zonal Models for Turbulence},
	Year = {1989},
	Pages = {41-44},
	Booktitle = {Proceedings of the 10th Brazilian Congress of Mechanical
	Engineering}, 
	Volume = {1},	
}

@manual{NBR14724:2011,
	Address = {Rio de Janeiro},
	Date-Added = {2012-12-15 20:34:08 +0000},
	Date-Modified = {2012-12-15 20:35:25 +0000},
	Month = mar,
	Org-Short = {ABNT},
	Organization = {Associa{\c c}\~ao Brasileira de Normas T\'ecnicas},
	Pages = 15,
	Subtitle = {Informa{\c c}\~ao e documenta{\c c}\~ao --- trabalhos acad\^emicos --- apresenta{\c c}\~ao},
	Title = {{NBR} 14724},
	Year = 2011
}

@manual{NBR6034:2000,
	Address = {Rio de Janeiro},
	Org-Short = {ABNT},
	Organization = {Associa{\c c}\~ao Brasileira de Normas T\'ecnicas},
	Subtitle = {Informa{\c c}\~ao e documenta{\c c}\~ao --- Referências},
	Title = {{NBR} 14724},
	Year = 2000
}

@book{Sommerville2007,
author = {Sommerville, Ian},
title = {Software Engineering},
year = {2007},
isbn = {978-0-321-31379-9, 0-321-31379-8},
edition = {9th},
publisher = {Addison-Wesley Publishing Company},
address = {USA},
}


